<record xmlns='http://www.loc.gov/MARC21/slim'><leader>01645cim a22003852u 4500</leader><controlfield tag='001'>3602158</controlfield><controlfield tag='005'>20151214183041.0</controlfield><controlfield tag='007'>ss|lmnjluz|nuu</controlfield><controlfield tag='008'>991101s1989    nyunnn         l    eng d</controlfield><datafield ind1=' ' ind2=' ' tag='035'><subfield code='a'>(NIC)notisASF9223</subfield></datafield><datafield ind1=' ' ind2=' ' tag='035'><subfield code='a'>3602158</subfield></datafield><datafield ind1=' ' ind2=' ' tag='035'><subfield code='a'>(OCoLC)63898891</subfield></datafield><datafield ind1=' ' ind2=' ' tag='040'><subfield code='a'>NIC</subfield><subfield code='c'>NIC</subfield><subfield code='d'>NIC</subfield><subfield code='d'>NIC</subfield></datafield><datafield ind1='1' ind2=' ' tag='100'><subfield code='a'>hooks, bell,</subfield><subfield code='d'>1952-</subfield></datafield><datafield ind1='1' ind2='0' tag='245'><subfield code='a'>Critical integration, talking race, resisting rascism</subfield><subfield code='h'>[sound recording]</subfield></datafield><datafield ind1=' ' ind2=' ' tag='260'><subfield code='c'>1989.</subfield></datafield><datafield ind1=' ' ind2=' ' tag='300'><subfield code='a'>2 sound cassettes (115 min.) :</subfield><subfield code='b'>analog, mono.</subfield></datafield><datafield ind1=' ' ind2=' ' tag='500'><subfield code='a'>Recorded in Ithaca, NY by Cornell University.</subfield></datafield><datafield ind1=' ' ind2=' ' tag='500'><subfield code='a'>Sponsored by: Society for the Humanities,See preplec call no 203.</subfield></datafield><datafield ind1=' ' ind2=' ' tag='500'><subfield code='a'>Speaker(s): Oberlin College.</subfield></datafield><datafield ind1=' ' ind2=' ' tag='518'><subfield code='a'>Lecture, April 23, 1989.</subfield></datafield><datafield ind1=' ' ind2=' ' tag='520'><subfield code='a'>Hooks challenges the intellectual commodification of racial issues and gender issues, stressing the destructive nature of scholarly discourse to those who are oppressed.  She finds that white intellectuals, fearful of disempowerment, tend to incorporate challenging issues into intellectual discourse to blur the relationship between races.</subfield></datafield><datafield ind1=' ' ind2='0' tag='650'><subfield code='a'>Feminism.</subfield></datafield><datafield ind1=' ' ind2='0' tag='650'><subfield code='a'>Deconstruction.</subfield></datafield><datafield ind1=' ' ind2='0' tag='650'><subfield code='a'>Race relations.</subfield></datafield><datafield ind1=' ' ind2='0' tag='650'><subfield code='a'>Sex differences</subfield></datafield><datafield ind1=' ' ind2='7' tag='650'><subfield code='a'>Deconstruction</subfield><subfield code='2'>fast</subfield><subfield code='0'>(OCoLC)fst00889137</subfield></datafield><datafield ind1=' ' ind2='7' tag='650'><subfield code='a'>Feminism</subfield><subfield code='2'>fast</subfield><subfield code='0'>(OCoLC)fst00922671</subfield></datafield><datafield ind1=' ' ind2='7' tag='650'><subfield code='a'>Race relations</subfield><subfield code='2'>fast</subfield><subfield code='0'>(OCoLC)fst01086509</subfield></datafield><datafield ind1=' ' ind2='7' tag='650'><subfield code='a'>Sex differences</subfield><subfield code='2'>fast</subfield><subfield code='0'>(OCoLC)fst01114321</subfield></datafield><datafield ind1=' ' ind2='0' tag='830'><subfield code='a'>Feminism and cultural imperialism: politics of difference.</subfield></datafield><datafield ind1=' ' ind2='0' tag='830'><subfield code='a'>Toni Morrison lectures.</subfield></datafield><datafield ind1='1' ind2=' ' tag='899'><subfield code='a'>CULectures</subfield></datafield><datafield ind1=' ' ind2=' ' tag='905'><subfield code='a'>20000301120000.0</subfield></datafield><datafield ind1='2' ind2=' ' tag='948'><subfield code='a'>20141221</subfield><subfield code='b'>m</subfield><subfield code='d'>batch</subfield><subfield code='e'>lts</subfield><subfield code='x'>addfast</subfield></datafield></record>